<record><leader>00000cas a22000007a 4500</leader><controlfield tag="001">17462702</controlfield><controlfield tag="008">880211d192619uulauwr ne      0    0eng d</controlfield><datafield ind1=" " ind2=" " tag="010"><subfield code="a">sn 88064073 </subfield></datafield><datafield ind1=" " ind2=" " tag="040"><subfield code="a">LNP</subfield><subfield code="b">eng</subfield><subfield code="c">LNP</subfield><subfield code="d">OCLCQ</subfield><subfield code="d">OCLCF</subfield><subfield code="d">OCLCO</subfield></datafield><datafield ind1="1" ind2=" " tag="029"><subfield code="a">AU@</subfield><subfield code="b">000020511305</subfield></datafield><datafield ind1=" " ind2=" " tag="042"><subfield code="a">msc</subfield></datafield><datafield ind1=" " ind2=" " tag="043"><subfield code="a">n-us-la</subfield></datafield><datafield ind1="0" ind2="0" tag="245"><subfield code="a">Port Allen observer.</subfield></datafield><datafield ind1=" " ind2=" " tag="260"><subfield code="a">Port Allen, La. :</subfield><subfield code="b">[s.n.]</subfield></datafield><datafield ind1=" " ind2=" " tag="300"><subfield code="a">v.</subfield></datafield><datafield ind1=" " ind2=" " tag="310"><subfield code="a">Weekly</subfield></datafield><datafield ind1="1" ind2=" " tag="362"><subfield code="a">Began in 1926?</subfield></datafield><datafield ind1=" " ind2=" " tag="500"><subfield code="a">"Covers parishes of West Baton Rouge, Iberville, Pointe Coupee."</subfield></datafield><datafield ind1=" " ind2=" " tag="500"><subfield code="a">Published by West Baton Rouge Pub. Co., &lt;Apr. 13, 1934-&gt;</subfield></datafield><datafield ind1=" " ind2=" " tag="588"><subfield code="a">Description based on: Vol. 72, no. 44 (Sept. 20, 1929).</subfield></datafield><datafield ind1=" " ind2="0" tag="651"><subfield code="a">Port Allen (La.)</subfield><subfield code="v">Newspapers.</subfield></datafield><datafield ind1=" " ind2="0" tag="651"><subfield code="a">West Baton Rouge Parish (La.)</subfield><subfield code="v">Newspapers.</subfield></datafield><datafield ind1=" " ind2="0" tag="651"><subfield code="a">Iberville Parish (La.)</subfield><subfield code="v">Newspapers.</subfield></datafield><datafield ind1=" " ind2="0" tag="651"><subfield code="a">Pointe Coupe&#769;e Parish (La.)</subfield><subfield code="v">Newspapers.</subfield></datafield><datafield ind1=" " ind2="7" tag="655"><subfield code="a">Newspapers.</subfield><subfield code="2">fast</subfield><subfield code="0">(OCoLC)fst01423814</subfield></datafield><datafield ind1=" " ind2="7" tag="651"><subfield code="a">Louisiana</subfield><subfield code="z">Iberville Parish.</subfield><subfield code="2">fast</subfield><subfield code="0">(OCoLC)fst01216222</subfield></datafield><datafield ind1=" " ind2="7" tag="651"><subfield code="a">Louisiana</subfield><subfield code="z">Pointe Coupe&#769;e Parish.</subfield><subfield code="2">fast</subfield><subfield code="0">(OCoLC)fst01214638</subfield></datafield><datafield ind1=" " ind2="7" tag="651"><subfield code="a">Louisiana</subfield><subfield code="z">Port Allen.</subfield><subfield code="2">fast</subfield><subfield code="0">(OCoLC)fst01282380</subfield></datafield><datafield ind1=" " ind2="7" tag="651"><subfield code="a">Louisiana</subfield><subfield code="z">West Baton Rouge Parish.</subfield><subfield code="2">fast</subfield><subfield code="0">(OCoLC)fst01206215</subfield></datafield><datafield ind1=" " ind2=" " tag="752"><subfield code="a">United States</subfield><subfield code="b">Louisiana</subfield><subfield code="c">West Baton Rouge</subfield><subfield code="d">Port Allen.</subfield></datafield><datafield ind1="0" ind2="0" tag="780"><subfield code="t">Sugar planter (Port Allen, La. : 1856)</subfield><subfield code="w">(DLC)sn 86079096</subfield></datafield></record>